<?xml version="1.0" encoding="UTF-8"?><collection xmlns="http://www.loc.gov/MARC21/slim"><record><leader>00452nam--2200121-i-4500</leader><controlfield tag="001">000019485</controlfield><controlfield tag="002">20161230</controlfield><controlfield tag="005">20161230201033</controlfield><controlfield tag="008">060222s1000------------r-----000-0-eng-d</controlfield><datafield ind1=" " ind2=" " tag="080"><subfield code="a">539.1(061.3):621.375.826(061.3)</subfield></datafield><datafield ind1=" " ind2=" " tag="245"><subfield code="a">Conference on the interaction of electrons with strong electromagnetic field,c.i.e.s.e.f. balatonfured 11-16 dept.1972.invited papers</subfield></datafield><datafield ind1=" " ind2=" " tag="260"><subfield code="a">Budapest, Central Research Institute For Physics, 1973. Ii + 344 P</subfield></datafield><datafield ind1=" " ind2=" " tag="852"><subfield code="a">39456</subfield></datafield></record></collection>